<record><leader>00000cas a22000007a 4500</leader><controlfield tag="001">13393413</controlfield><controlfield tag="008">860404d18661872wvudr ne      0    0eng d</controlfield><datafield ind1=" " ind2=" " tag="010"><subfield code="a">sn 86092446 </subfield></datafield><datafield ind1=" " ind2=" " tag="040"><subfield code="a">WVC</subfield><subfield code="b">eng</subfield><subfield code="c">WVC</subfield><subfield code="d">OCL</subfield><subfield code="d">OCLCQ</subfield></datafield><datafield ind1=" " ind2=" " tag="042"><subfield code="a">msc</subfield></datafield><datafield ind1="0" ind2=" " tag="130"><subfield code="a">Daily gazette (Parkersburg, W. Va.)</subfield></datafield><datafield ind1="1" ind2="0" tag="245"><subfield code="a">Daily gazette.</subfield></datafield><datafield ind1=" " ind2=" " tag="260"><subfield code="a">Parkersburg, W. Va. :</subfield><subfield code="b">F.M. &amp; George Cozad</subfield></datafield><datafield ind1=" " ind2=" " tag="300"><subfield code="a">v.</subfield></datafield><datafield ind1=" " ind2=" " tag="310"><subfield code="a">Daily</subfield></datafield><datafield ind1="1" ind2=" " tag="362"><subfield code="a">Began in 1866; ceased in 1872.</subfield></datafield><datafield ind1=" " ind2=" " tag="500"><subfield code="a">Editors: F.M. &amp; George Cozad.</subfield></datafield><datafield ind1=" " ind2=" " tag="588"><subfield code="a">Description based on: Vol. 1, no. 135 (Oct. 19, 1866).</subfield></datafield><datafield ind1=" " ind2=" " tag="752"><subfield code="a">United States</subfield><subfield code="b">West Virginia</subfield><subfield code="c">Wood</subfield><subfield code="d">Parkersburg.</subfield></datafield><datafield ind1="0" ind2=" " tag="775"><subfield code="t">Parkersburg weekly gazette</subfield><subfield code="w">(DLC)sn 86092445</subfield></datafield><datafield ind1="0" ind2=" " tag="775"><subfield code="t">Parkersburg gazette (1868)</subfield><subfield code="w">(DLC)sn 84037902</subfield></datafield><datafield ind1="0" ind2="7" tag="785"><subfield code="t">Daily times (Parkersburg, W. Va.)</subfield><subfield code="w">(DLC)sn 86092434</subfield></datafield><datafield ind1="0" ind2="7" tag="785"><subfield code="t">Daily times and gazette</subfield><subfield code="w">(DLC)sn 86092435</subfield></datafield></record>